@article{rindi2000introduction,
  title={Introduction to a revised clinicopathological classification of neuroendocrine tumors of the gastroenteropancreatic tract},
  author={Rindi, G and Capella, C and Solcia, E},
  journal={The Quarterly Journal of Nuclear Medicine and Molecular Imaging},
  volume={44},
  number={1},
  pages={13},
  year={2000},
  publisher={Edizioni Minerva Medica}
}

@article{capella1995revised,
  title={Revised classification of neuroendocrine tumours of the lung, pancreas and gut},
  author={Capella, Carlo and Heitz, Philip U and H{\"o}fler, Heinz and Solcia, Enrico and Kl{\"o}ppel, Gunter},
  journal={Virchows Archiv},
  volume={425},
  number={6},
  pages={547--560},
  year={1995},
  publisher={Springer}
}

@article{estrozi2011neuroendocrine,
  title={Neuroendocrine tumors involving the gastroenteropancreatic tract: a clinicopathological evaluation of 773 cases},
  author={Estrozi, Bruna and Bacchi, Carlos E},
  journal={Clinics},
  volume={66},
  number={10},
  pages={1671--1675},
  year={2011},
  publisher={SciELO Brasil}
}

@article{ahmed2020gastrointestinal,
  title={Gastrointestinal neuroendocrine tumors in 2020},
  author={Ahmed, Monjur},
  journal={World journal of gastrointestinal oncology},
  volume={12},
  number={8},
  pages={791},
  year={2020},
  publisher={Baishideng Publishing Group Inc}
}

@article{carvao2021neuroendocrine,
  title={Neuroendocrine Tumors of the Gastrointestinal Tract: A Focused Review and Practical Approach for Gastroenterologists},
  author={Carv{\~a}o, Joana and Dinis-Ribeiro, M{\'a}rio and Pimentel-Nunes, Pedro and Lib{\^a}nio, Diogo},
  journal={GE-Portuguese Journal of Gastroenterology},
  volume={28},
  number={5},
  pages={336--348},
  year={2021},
  publisher={Karger Publishers}
}

@article{board2002pancreatic,
  title={Pancreatic Neuroendocrine Tumors (Islet Cell Tumors) Treatment (PDQ{\textregistered}): Patient Version},
  author={Board, PDQ Adult Treatment Editorial},
  journal={PDQ Cancer Information Summaries [Internet]},
  year={2002}
}



@article{oberg2000state,
  title={State of the art and future prospects in the management of neuroendocrine tumors},
  author={Oberg, Kjell},
  journal={The Quarterly Journal of Nuclear Medicine and Molecular Imaging},
  volume={44},
  number={1},
  pages={3},
  year={2000},
  publisher={Edizioni Minerva Medica}
}

@article{bajetta2000new,
  title={New clinical trials for the treatment of neuroendocrine tumors},
  author={Bajetta, E and Bichisao, E and Artale, S and Celio, L and others},
  journal={The Quarterly Journal of Nuclear Medicine and Molecular Imaging},
  volume={44},
  number={1},
  pages={96},
  year={2000},
  publisher={Edizioni Minerva Medica}
}

@incollection{kurtaran1999receptor,
  title={Receptor imaging in oncology},
  author={Kurtaran, A},
  booktitle={Nuclear Oncology},
  pages={333--343},
  year={1999},
  publisher={Springer}
}

@inproceedings{mcewan1985radio,
  title={Radio-iodobenzylguanidine for the scintigraphic location and therapy of adrenergic tumors},
  author={McEwan, Alexander J and Shapiro, Brahm and Sisson, James C and Beierwaltes, William H and Ackery, Duncan M},
  booktitle={Seminars in nuclear medicine},
  volume={15},
  number={2},
  pages={132--153},
  year={1985},
  organization={Elsevier}
}

@article{short1967sympathetic,
  title={Sympathetic Nervous System Blocking Agents. III. Derivatives of Benzylguanidine1-3},
  author={Short, James H and Darby, Thomas D},
  journal={Journal of medicinal chemistry},
  volume={10},
  number={5},
  pages={833--840},
  year={1967},
  publisher={ACS Publications}
}